@book{b1,
	title={Pediatric cataract surgery: techniques, complications, and management},
	author={Wilson, M Edward and Trivedi, Rupal H and Pandey, Suresh K},
	year={2005},
	publisher={Lippincott Williams \& Wilkins}
}

@article{gimbel2011consequences,
	title={Consequences of waiting for cataract surgery},
	author={Gimbel, Howard V and Dardzhikova, Albena A},
	journal={Current opinion in ophthalmology},
	volume={22},
	number={1},
	pages={28--30},
	year={2011},
	publisher={LWW}
}








